% ------------------------------------------------------------------------
% SAMPLE BIBLIOGRAPHY FILE
% ------------------------------------------------------------------------
@misc{cve-2008-1368,
  key =          {CVE-2008-1368},
  title =        {Publication quality tables in \LaTeX*},
  howpublished = {},
  institution  = {NIST},
  day =       17,
  month =     {March},
  year =         2008,
  note =         {[online] \url{http://nvd.nist.gov/nvd.cfm?cvename=CVE-2008-1368}},
  url = {http://nvd.nist.gov/nvd.cfm?cvename=CVE-2008-1368}
}

%Introducition
%----------------------------------------
%text mining
@article{witten2005text,
  title={Text mining},
  author={Witten, Ian H},
  journal={Practical handbook of Internet computing},
  pages={14--1},
  year={2005},
  publisher={Chapman \& Hall/CRC Press Boca Raton, FL}
}
%bio text mining
@article{kim2003genia,
  title={GENIA corpus—a semantically annotated corpus for bio-textmining},
  author={Kim, J-D and Ohta, Tomoko and Tateisi, Yuka and Tsujii, Jun’ichi},
  journal={Bioinformatics},
  volume={19},
  number={suppl 1},
  pages={i180--i182},
  year={2003},
  publisher={Oxford Univ Press}
}
@article{cohen2005survey,
  title={A survey of current work in biomedical text mining},
  author={Cohen, Aaron M and Hersh, William R},
  journal={Briefings in bioinformatics},
  volume={6},
  number={1},
  pages={57--71},
  year={2005},
  publisher={Oxford Univ Press}
}
@article{ananiadou2006text,
  title={Text mining and its potential applications in systems biology},
  author={Ananiadou, Sophia and Kell, Douglas B and Tsujii, Jun-ichi},
  journal={Trends in biotechnology},
  volume={24},
  number={12},
  pages={571--579},
  year={2006},
  publisher={Elsevier}
}
@article{krallinger2005text,
  title={Text-mining and information-retrieval services for molecular biology},
  author={Krallinger, Martin and Valencia, Alfonso},
  journal={Genome biology},
  volume={6},
  number={7},
  pages={224},
  year={2005},
  publisher={BioMed Central Ltd}
}

%MEDLINE
@ONLINE{MEDLINE:2015:Online,
title = {Key MEDLINE® Indicators},
author={MEDLINE},
month = may,
year = {2015},
url = {hhttp://www.nlm.nih.gov/bsd/bsd_key.html}
}
%Biological Database
@article{altman2004editorial,
  title={Editorial: Building successful biological databases},
  author={Altman, Russ B},
  journal={Briefings in bioinformatics},
  volume={5},
  number={1},
  pages={4--5},
  year={2004},
  publisher={Oxford Univ Press}
}

@article{baumgartner2007manual,
  title={Manual curation is not sufficient for annotation of genomic databases},
  author={Baumgartner, William A and Cohen, K Bretonnel and Fox, Lynne M and Acquaah-Mensah, George and Hunter, Lawrence},
  journal={Bioinformatics},
  volume={23},
  number={13},
  pages={i41--i48},
  year={2007},
  publisher={Oxford Univ Press}
}

%Complex Relation
@inproceedings{mcdonald2005simple,
  title={Simple algorithms for complex relation extraction with applications to biomedical IE},
  author={McDonald, Ryan and Pereira, Fernando and Kulick, Seth and Winters, Scott and Jin, Yang and White, Pete},
  booktitle={Proceedings of the 43rd Annual Meeting on Association for Computational Linguistics},
  pages={491--498},
  year={2005},
  organization={Association for Computational Linguistics}
}

%Biocurators
@misc{ wiki:biocurators,
   author = "Wikipedia",
   title = "Biocurator --- Wikipedia{,} The Free Encyclopedia",
   year = "2014",
   url = "http://en.wikipedia.org/w/index.php?title=Biocurator&oldid=628803210",
   note = "[Online; accessed 31-May-2015]"
 }

 %NER complexity
 @inproceedings{wilbur2007biocreative,
  title={Biocreative 2. gene mention task},
  author={Wilbur, John and Smith, Lawrence and Tanabe, Lorraine},
  booktitle={Proceedings of Second BioCreative Challenge Evaluation Workshop},
  pages={7--16},
  year={2007}
}
%Pattern based methods
@article{hao2005discovering,
  title={Discovering patterns to extract protein--protein interactions from the literature: Part II},
  author={Hao, Yu and Zhu, Xiaoyan and Huang, Minlie and Li, Ming},
  journal={Bioinformatics},
  volume={21},
  number={15},
  pages={3294--3300},
  year={2005},
  publisher={Oxford Univ Press}
}
%word rules
@article{ono2001automated,
  title={Automated extraction of information on protein--protein interactions from the biological literature},
  author={Ono, Toshihide and Hishigaki, Haretsugu and Tanigami, Akira and Takagi, Toshihisa},
  journal={Bioinformatics},
  volume={17},
  number={2},
  pages={155--161},
  year={2001},
  publisher={Oxford Univ Press}
}
%Feature based RE methods
@inproceedings{kambhatla2004combining,
  title={Combining lexical, syntactic, and semantic features with maximum entropy models for extracting relations},
  author={Kambhatla, Nanda},
  booktitle={Proceedings of the ACL 2004 on Interactive poster and demonstration sessions},
  pages={22},
  year={2004},
  organization={Association for Computational Linguistics}
}
@inproceedings{guodong2005exploring,
  title={Exploring various knowledge in relation extraction},
  author={GuoDong, Zhou and Jian, Su and Jie, Zhang and Min, Zhang},
  booktitle={Proceedings of the 43rd annual meeting on association for computational linguistics},
  pages={427--434},
  year={2005},
  organization={Association for Computational Linguistics}
}
@inproceedings{jiang2007systematic,
  title={A Systematic Exploration of the Feature Space for Relation Extraction.},
  author={Jiang, Jing and Zhai, ChengXiang},
  booktitle={HLT-NAACL},
  pages={113--120},
  year={2007}
}
%Distance Supervsion
@inproceedings{craven1999constructing,
  title={Constructing biological knowledge bases by extracting information from text sources.},
  author={Craven, Mark and Kumlien, Johan and others},
  booktitle={ISMB},
  volume={1999},
  pages={77--86},
  year={1999}
}
@article{ravikumar2012literature,
  title={Literature mining of protein-residue associations with graph rules learned through distant supervision.},
  author={Ravikumar, KE and Liu, Haibin and Cohn, Judith D and Wall, Michael E and Verspoor, Karin and others},
  journal={J. Biomedical Semantics},
  volume={3},
  number={S-3},
  pages={S2},
  year={2012}
}
@inproceedings{bunescu2007learning,
  title={Learning to extract relations from the web using minimal supervision},
  author={Bunescu, Razvan and Mooney, Raymond},
  booktitle={Annual meeting-association for Computational Linguistics},
  volume={45},
  number={1},
  pages={576},
  year={2007}
}
@inproceedings{min2013distant,
  title={Distant Supervision for Relation Extraction with an Incomplete Knowledge Base.},
  author={Min, Bonan and Grishman, Ralph and Wan, Li and Wang, Chang and Gondek, David},
  booktitle={HLT-NAACL},
  pages={777--782},
  year={2013}
}
@inproceedings{mintz2009distant,
  title={Distant supervision for relation extraction without labeled data},
  author={Mintz, Mike and Bills, Steven and Snow, Rion and Jurafsky, Dan},
  booktitle={Proceedings of the Joint Conference of the 47th Annual Meeting of the ACL and the 4th International Joint Conference on Natural Language Processing of the AFNLP: Volume 2-Volume 2},
  pages={1003--1011},
  year={2009},
  organization={Association for Computational Linguistics}
}
%Rule Based
@article{nebhi2013rule,
  title={A Rule-Based Relation Extraction System using DBpedia and Syntactic Parsing},
  author={Nebhi, Kamel},
  year={2013}
}
%Kernel Methods
@article{zelenko2003kernel,
  title={Kernel methods for relation extraction},
  author={Zelenko, Dmitry and Aone, Chinatsu and Richardella, Anthony},
  journal={The Journal of Machine Learning Research},
  volume={3},
  pages={1083--1106},
  year={2003},
  publisher={JMLR. org}
}
%Tree Kernel
@inproceedings{collins2001convolution,
  title={Convolution kernels for natural language},
  author={Collins, Michael and Duffy, Nigel},
  booktitle={Advances in neural information processing systems},
  pages={625--632},
  year={2001}
}
%Corpus Construction
@article{verspoor2013annotating,
  title={Annotating the biomedical literature for the human variome},
  author={Verspoor, Karin and Yepes, Antonio Jimeno and Cavedon, Lawrence and McIntosh, Tara and Herten-Crabb, Asha and Thomas, Zo{\"e} and Plazzer, John-Paul},
  journal={Database},
  volume={2013},
  pages={bat019},
  year={2013},
  publisher={Oxford University Press}
}
%ASM
@article{liu2013approximate,
  title={Approximate subgraph matching-based literature mining for biomedical events and relations},
  author={Liu, Haibin and Hunter, Lawrence and Ke{\v{s}}elj, Vlado and Verspoor, Karin},
  journal={PloS one},
  volume={8},
  number={4},
  pages={e60954},
  year={2013},
  publisher={Public Library of Science}
}
%JULIE
@inproceedings{tomanek2007sentence,
  title={Sentence and token splitting based on conditional random fields},
  author={Tomanek, Katrin and Wermter, Joachim and Hahn, Udo},
  booktitle={Proceedings of the 10th Conference of the Pacific Association for Computational Linguistics},
  pages={49--57},
  year={2007}
}
$clearnlp
@inproceedings{choi2013transition,
  title={Transition-based Dependency Parsing with Selectional Branching.},
  author={Choi, Jinho D and McCallum, Andrew},
  booktitle={ACL (1)},
  pages={1052--1062},
  year={2013}
}
%Craft Corpus
@article{verspoor2012corpus,
  title={A corpus of full-text journal articles is a robust evaluation tool for revealing differences in performance of biomedical natural language processing tools},
  author={Verspoor, Karin and Cohen, Kevin B and Lanfranchi, Arrick and Warner, Colin and Johnson, Helen L and Roeder, Christophe and Choi, Jinho D and Funk, Christopher and Malenkiy, Yuriy and Eckert, Miriam and others},
  journal={BMC bioinformatics},
  volume={13},
  number={1},
  pages={207},
  year={2012},
  publisher={BioMed Central Ltd}
}
%Introduction to Machine Learning
@book{alpaydin2014introduction,
  title={Introduction to machine learning},
  author={Alpaydin, Ethem},
  year={2014},
  publisher={MIT press}
}
%HVP
@article{ring2006human,
  title={Human Variome Project: an international collaboration to catalogue human genetic variation.},
  author={Ring, Huijun Z and Kwok, Pui-Yan and Cotton, RG},
  journal={Pharmacogenomics},
  volume={7},
  number={7},
  pages={969--972},
  year={2006}
}
%Lynch Syndrome
@article{silva2009mismatch,
  title={Mismatch repair genes in Lynch syndrome: a review},
  author={Silva, Felipe Cavalcanti Carneiro da and Valentin, Mev Dominguez and Ferreira, F{\'a}bio de Oliveira and Carraro, Dirce Maria and Rossi, Benedito Mauro},
  journal={Sao Paulo Medical Journal},
  volume={127},
  number={1},
  pages={46--51},
  year={2009},
  publisher={SciELO Brasil}
}
@article{mackinlay2013extracting,
  title={Extracting biomedical events and modifications using subgraph matching with noisy training data},
  author={MacKinlay, Andrew and Martinez, David and Yepes, Antonio Jimeno and Liu, Haibin and Wilbur, W John and Verspoor, Karin},
  journal={ACL 2013},
  pages={35},
  year={2013}
}

%%%%%%%%%%%%%%%%%%%%%%%%
%%%%%background%%%%%%%%%
%Co-occurrence based meta-analysis of scientific texts: retrieving biological relationships between genes
% (Chaussabel and Sher, 2002; Becker et al., 2003; Tanabe et al., 1999; Stapley and Benoit, 2000; Jenssen et al., 2001;Wren et al., 2004).
@article{chaussabel2002mining,
  title={Mining microarray expression data by literature profiling},
  author={Chaussabel, Damien and Sher, Alan},
  journal={Genome Biol},
  volume={3},
  number={10},
  pages={1--16},
  year={2002}
}
@article{becker2003pubmatrix,
  title={PubMatrix: a tool for multiplex literature mining},
  author={Becker, Kevin G and Hosack, Douglas A and Dennis, Glynn and Lempicki, Richard A and Bright, Tiffani J and Cheadle, Chris and Engel, Jim},
  journal={BMC bioinformatics},
  volume={4},
  number={1},
  pages={61},
  year={2003},
  publisher={BioMed Central Ltd}
}
@article{tanabe1999medminer,
  title={MedMiner: an Internet text-mining tool for biomedical information, with application to gene expression profiling},
  author={Tanabe, L and Scherf, U and Smith, LH and Lee, JK and Hunter, L and Weinstein, JN},
  journal={Biotechniques},
  volume={27},
  number={6},
  pages={1210--4},
  year={1999}
}
@inproceedings{stapley2000biobibliometrics,
  title={Biobibliometrics: information retrieval and visualization from co-occurrences of gene names in Medline abstracts},
  author={Stapley, Benjamin J and Benoit, Gerry},
  booktitle={Pac Symp Biocomput},
  volume={5},
  pages={529--540},
  year={2000}
}
@article{jenssen2001literature,
  title={A literature network of human genes for high-throughput analysis of gene expression},
  author={Jenssen, Tor-Kristian and L{\ae}greid, Astrid and Komorowski, Jan and Hovig, Eivind},
  journal={Nature genetics},
  volume={28},
  number={1},
  pages={21--28},
  year={2001},
  publisher={Nature Publishing Group}
}
@article{wren2004knowledge,
  title={Knowledge discovery by automated identification and ranking of implicit relationships},
  author={Wren, Jonathan D and Bekeredjian, Raffi and Stewart, Jelena A and Shohet, Ralph V and Garner, Harold R},
  journal={Bioinformatics},
  volume={20},
  number={3},
  pages={389--398},
  year={2004},
  publisher={Oxford Univ Press}
}
@article{van2004constructing,
  title={Constructing an associative concept space for literature-based discovery},
  author={van der Eijk, C Christiaan and van Mulligen, Erik M and Kors, Jan A and Mons, Barend and van den Berg, Jan},
  journal={Journal of the American Society for Information Science and Technology},
  volume={55},
  number={5},
  pages={436--444},
  year={2004},
  publisher={Wiley Online Library}
}
%concept space
@article{leroy2005genescene,
  title={Genescene: An ontology-enhanced integration of linguistic and co-occurrence based relations in biomedical texts},
  author={Leroy, Gondy and Chen, Hsinchun},
  journal={Journal of the American Society for Information Science and Technology},
  volume={56},
  number={5},
  pages={457--468},
  year={2005},
  publisher={Wiley Online Library}
}
%%%%%%

%Stanford Dependency Manual
@article{de2008stanford,
  title={Stanford typed dependencies manual},
  author={De Marneffe, Marie-Catherine and Manning, Christopher D},
  journal={URL http://nlp. stanford. edu/software/dependencies manual. pdf},
  year={2008}
}

%TEES
@inproceedings{bjorne2011generalizing,
  title={Generalizing biomedical event extraction},
  author={Bj{\"o}rne, Jari and Salakoski, Tapio},
  booktitle={Proceedings of the BioNLP Shared Task 2011 Workshop},
  pages={183--191},
  year={2011},
  organization={Association for Computational Linguistics}
}

%Shortest Path Hypothesis
@inproceedings{bunescu2005shortest,
  title={A shortest path dependency kernel for relation extraction},
  author={Bunescu, Razvan C and Mooney, Raymond J},
  booktitle={Proceedings of the conference on Human Language Technology and Empirical Methods in Natural Language Processing},
  pages={724--731},
  year={2005},
  organization={Association for Computational Linguistics}
}





























@MISC{prime-number-theorem,
   author = "Charles Louis Xavier Joseph de la Vall{\'e}e Poussin",
   note = "A strong form of the prime number theorem, 19th century" }

% ------------------------------------------------------------------------

@BOOK{texbook,
   author = "Donald E. Knuth",
   title= "The {{\TeX}book}",
   publisher = "Addison-Wesley",
   year = 1984 }

@BOOK{latex,
   author = "Leslie Lamport",
   title = "{\LaTeX:} {A} Document Preparation System",
   publisher = "Addison-Wesley",
   year = 1986 }

% ------------------------------------------------------------------------
@article{Ancey1996,
author = {Ancey, Christophe and Coussot, Philippe and Evesque, Pierre},
journal = {Mechanics of Cohesive-frictional Materials},
number = {4},
pages = {385--403},
title = {Examination of the possibility of a fluid-mechanics treatment of dense granular flows},
url = {http://doi.wiley.com/10.1002/(SICI)1099-1484(199610)1:4<385::AID-CFM20>3.0.CO;2-0},
volume = {1},
year = {1996}
}

@BOOK{RR73,
 author={H. Radjavi and P. Rosenthal},
 title={Invariant {Subspaces}},
 publisher={Springer-Verlag},
 address={New York},
 year={1973},
}

@BOOK{Aup91,
 author={B. Aupetit},
 title={A {Primer} on {Spectral} {Theory}},
 publisher={Springer-Verlag},
 address={New York},
 year={1991},
}

@BOOK{Dou72,
 author={R. G. Douglas},
 title={Banach {Algebra} {Techniques} in {Operator} {Theory}},
 publisher={Academic Press},
 address={New York},
 year={1972},
}

@BOOK{Hal82,
 author={P. R. Halmos},
 title={A {Hilbert} {Space} {Problem} {Book}},
 edition={Second},
 publisher={Springer-Verlag},
 address={New York},
 year={1982},
}

@BOOK{Rud73,
 author={W. Rudin},
 title={Functional {Analysis}},
 publisher={McGraw-Hill},
 address={New York},
 year={1973},
}

@BOOK{Con90,
 author={J. B. Conway},
 title={A {Course} in {Functional} {Analysis}},
 edition={Second},
 publisher={Springer-Verlag},
 address={New York},
 year={1990},
}

@BOOK{Con78,
 author={J. B. Conway},
 title={Functions of {One} {Complex} {Variable}},
 publisher={Springer-Verlag},
 address={New York},
 year={1978},
}

@BOOK{KR83,
 author={R. V. Kadison and J. R. Ringrose},
 title={Fundamentals of the {Theory} of {Operator} {Algebras},
        {Part} {I}},
 publisher={Academic Press},
 address={New York},
 year={1983},
}

@BOOK{KR86,
 author={R. V. Kadison and J. R. Ringrose},
 title={Fundamentals of the {Theory} of {Operator} {Algebras},
        {Part} {II}},
 publisher={Academic Press},
 address={New York},
 year={1986},
}

@INBOOK{SFPT,
 author={N. Dunford and J. T. Schwartz},
 title={Linear {Operators},
        {Part} {I}: {General} {Theory}},
 pages={456},
 publisher={Interscience},
 address={New York},
 year={1957},
}

@BOOK{DS57,
 author={N. Dunford and J. T. Schwartz},
 title={Linear {Operators},
        {Part} {I}: {General} {Theory}},
 publisher={Interscience},
 address={New York},
 year={1957},
}

@BOOK{Gan59,
 author={F. R. Gantmacher},
 title={Applications of the {Theory} of {Matrices}},
 publisher={Interscience},
 address={New York},
 year={1959},
}

@BOOK{Pau86,
 author={Vern I. Paulsen},
 title={Completely bounded maps and dilations},
 series={Pitman Research Notes in Mathematics Series},
 volume={146},
 publisher={Longman Scientific \& Technical},
 address={Harlow UK},
 year={1986},
}

@BOOK{Dav88,
 author={Kenneth R. Davidson},
 title={Nest algebras},
 series={Pitman Research Notes in Mathematics Series},
 volume={191},
 publisher={Longman Scientific \& Technical},
 address={Harlow UK},
 year={1988},
}

@BOOK{Spi65,
 author={Michael Spivak},
 title={Calculus on {Manifolds}},
 publisher={The Benjamin/Cummings Publishing Company},
 address={New York},
 year={1965},
}

@BOOK{Dev68,
 author={Allen Devinaz},
 title={Advanced {Calculus}},
 publisher={Holt, Rinehart and Winston},
 address={New York},
 year={1968},
}

@BOOK{Gam90,
 editor={R. V. Gamkerlidze},
 title={Analysis {I}{I}: {Convex} {Analysis} and
        {Approximation} {Theory}},
 series={Encyclopaedia of Mathematical Sciences},
 volume={14},
 publisher={Springer-Verlag},
 address={New York},
 year={1990},
}

@BOOK{Hen93,
 author={Peter Henderson},
 title={Object-oriented specification and design with {C}$++$},
 publisher={McGraw-Hill},
 address={London},
 year={1993},
}

% ------------------------------------------------------------------------

@ARTICLE{Rea85,
 author={C. J. Read},
 title={A solution to the invariant subspace problem on the space $l_1$},
 journal={Bull. London Math. Soc.},
 volume={17},
 year={1985},
 pages={305-317},
}

@ARTICLE{Enf87,
 author={P. Enflo},
 title={On the invariant subspaces problem for {Banach} spaces},
 journal={Acta. Math.},
 note={Seminare Maurey-Schwartz (1975-1976)},
 volume={158},
 year={1987},
 pages={213-313},
}

@ARTICLE{Dau75,
 author={J. Daughtry},
 title={An invariant subspace theorem},
 journal={Proc. Amer. Math. Soc.},
 volume={49},
 year={1975},
 pages={267-268},
}

@ARTICLE{KPS75,
 author={H. W. Kim and C. Pearcy and A. L. Shields},
 title={Rank-One Commutators and Hyperinvariant Subspaces},
 journal={Michigan Math. J.},
 volume={22},
 number={3},
 year={1975},
 pages={193-194},
}

% --------------------------------------------------------------------------

@ARTICLE{Rad87,
 author={H. Radjavi},
 title={The {Engel}-{Jacobson} {Theorem} {Revisited}},
 journal={J. Alg.},
 volume={111},
 year={1987},
 pages={427-430},
}

@ARTICLE{MOR91,
 author={B. Mathes and M. Omladi\v{c} and H. Radjavi},
 title={Linear {Spaces} of {Nilpotent} {Operators}},
 journal={Linear Algebra Appl.},
 volume={149},
 year={1991},
 pages={215-225},
}

@ARTICLE{Lom73,
 author={V. I. Lomonosov},
 title={Invariant subspaces for operators commuting with compact
        operators},
 journal={Functional Anal. Appl.},
 volume=7,
 year=1973,
 pages="213-214",
}

@ARTICLE{Lom91,
 author={V. I. Lomonosov},
 title={An extension of {Burnside}'s theorem to infinite
        dimensional spaces},
 journal={Israel J. Math},
 volume=75,
 year=1991,
 pages="329-339",
}

@ARTICLE{Lom92,
 author={V. I. Lomonosov},
 title={On {Real} {Invariant} {Subspaces} of {Bounded} {Operators} with
       {Compact} {Imaginary} {Part}},
 journal={Proc. Amer. Math. Soc.},
 volume=115,
 number=3,
 month=jul,
 year=1992,
 pages="775-777",
}

@ARTICLE{dB59,
 author={L. de Branges},
 title={The {Stone}-{Weierstrass} {Theorem}},
 journal={Proc. Amer. Math. Soc.},
 volume=10,
 year=1959,
 pages="822-824",
}

@ARTICLE{dB93,
 author={L. de Branges},
 title={A construction of invariant subspaces},
 journal={Math. Nachr.},
 volume=163,
 year=1993,
 pages="163-175",
}

@ARTICLE{AAB95,
 author={Y. A. Abramovich and C. D. Aliprantis and O. Burkinshaw},
 title={Another Characterization of the Invariant Subspace Problem},
 journal={Operator Theory in Function Spaces and Banach Lattices.
          {\em The A.C.\,Zaanen Anniversary Volume},
          Operator Theory: Advances and Applications},
 volume={75},
 year={1995},
 pages={15-31},
 note={Birkh\"auser Verlag},
}

@ARTICLE{LM65,
 author={Ju. I. Ljubi\v{c} and V. I. Macaev},
 title={On Operators with a Separable Spectrum},
 journal={Amer. Math. Soc. Transl. (2)},
 volume={47},
 year={1965},
 pages={89-129},
}

% ------------------------------------------------------------------------

@MASTERSTHESIS{Sim90,
 author={A. Simoni\v{c}},
 title={Grupe Operatorjev s Pozitivnim Spektrom},
 school={Univerza v Ljubljani, FNT, Oddelek za Matematiko},
 year={1990},
}

@UNPUBLISHED{Sim91,
 author={A. Simoni\v{c}},
 title={Notes on {Subharmonic} {Functions}},
 note={Lecture Notes, Dalhousie University,
       Department of Mathematics, Statistics, \& Computing Science},
 year={1991},
}

@ARTICLE{Sim92,
 author={A. Simoni\v{c}},
 title={Matrix {Groups} with {Positive} {Spectra}},
 journal={Linear Algebra Appl.},
 volume={173},
 year={1992},
 pages={57-76},
}

@PHDTHESIS{Sim94,
 author={A. Simoni\v{c}},
 title={An {Extension} of {Lomonosov's} {Techniques} to {Non}-{Compact}
       {Operators}},
 school={Dalhousie University,
         Department of Mathematics, Statistics, \& Computing Science},
 year={1994},
}

@ARTICLE{Sim96a,
 author={A. Simoni\v{c}},
 title={A {Construction} of {Lomonosov} {Functions} and
       {Applications} to the {Invariant} {Subspace} {Problem}},
 journal={Pacific J. Math.},
 volume={175},
 pages={257-270},
 year={1996},
}

@ARTICLE{Sim96b,
 author={A. Simoni\v{c}},
 title={An extension of {Lomonosov's} {Techniques} to non-compact
       {Operators}},
 journal={Trans. Amer. Math. Soc.},
 volume={348},
 pages={975-995},
 year={1996},
}

% ------------------------------------------------------------------------
